%% This BibTeX bibliography file was created using BibDesk.
%% http://bibdesk.sourceforge.net/


%% Created for Laurence Bortfeld at 2013-05-02 10:40:33 +0200 


%% Saved with string encoding Unicode (UTF-8) 



@misc{xmpp:jid,
	Author = {{Craig Kaes}},
	Date-Added = {2013-05-02 08:38:17 +0000},
	Date-Modified = {2013-05-02 08:39:42 +0000},
	Howpublished = {Website},
	Note = {\url{http://xmpp.org/extensions/xep-0029.html}; Abruf am 04.28.13},
	Title = {Definition of Jabber Identifiers},
	Year = {2003}}