%% This BibTeX bibliography file was created using BibDesk.
%% http://bibdesk.sourceforge.net/


%% Created for Laurence Bortfeld at 2013-05-02 23:59:52 +0200 


%% Saved with string encoding Unicode (UTF-8) 



@book{scala:book,
	Author = {Martin Odersky and Lex Spoon and Bill Venners},
	Date-Added = {2013-05-02 21:21:28 +0000},
	Date-Modified = {2013-05-02 21:23:08 +0000},
	Edition = {2},
	Publisher = {artima},
	Title = {Programming Scala},
	Year = {2011}}